@article{article,
  author = {Author Name},
  title = {Title of the Article},
  journal = {Journal Name},
  year = {Year},
  volume = {Volume},
  number = {Number},
  pages = {Page Range},
  doi = {DOI},
}

@book{book,
  author = {Another Author},
  title = {Title of the Book},
  year = {Year},
  publisher = {Publisher},
}